@InCollection{zbMATH06679506,
 Author = {Albrecht, Martin and Grassi, Lorenzo and Rechberger, Christian and Roy, Arnab and Tiessen, Tyge},
 Title = {{MiMC}: efficient encryption and cryptographic hashing with minimal multiplicative complexity},
 BookTitle = {Advances in cryptology -- ASIACRYPT 2016. 22nd international conference on the theory and application of cryptology and information security, Hanoi, Vietnam, December 4--8, 2016. Proceedings. Part I},
 ISBN = {978-3-662-53886-9; 978-3-662-53887-6},
 Pages = {191--219},
 Year = {2016},
 Publisher = {Berlin: Springer},
 Language = {English},
 DOI = {10.1007/978-3-662-53887-6_7},
 Keywords = {94A60},
 URL = {orbit.dtu.dk/en/publications/c019bf7f-0ecb-424e-b53f-189143f76eb8},
 zbMATH = {6679506},
 Zbl = {1404.94035}
}

@Book{zbMATH00967590,
 Author = {Lidl, Rudolf and Niederreiter, Harald},
 Title = {Finite fields.},
 Edition = {2nd ed.},
 FSeries = {Encyclopedia of Mathematics and Its Applications},
 Series = {Encycl. Math. Appl.},
 ISSN = {0953-4806},
 Volume = {20},
 ISBN = {0-521-39231-4},
 Year = {1996},
 Publisher = {Cambridge: Cambridge Univ. Press},
 Language = {English},
 Keywords = {11Txx,11-02,11T06,11T30,11T23,11T24,11T55,11Y16,12E20,51E15,94B05,94B15,11T71,94A24},
 zbMATH = {967590},
 Zbl = {0866.11069}
}

@inproceedings{Lenstra2010KeyLC,
  title={Key Lengths Contribution to The Handbook of Information Security},
  author={Arjen K. Lenstra},
  year={2010},
  url={https://api.semanticscholar.org/CorpusID:13203339}
}
@misc{circomlib,
  author = {Iden3},
  title = {MiMC Encryption Circuit},
  year = {2023},
  publisher = {GitHub},
  journal = {GitHub repository},
  url = {https://github.com/iden3/circomlib/blob/master/circuits/mimc.circom}
}